<record xmlns="http://www.loc.gov/MARC21/slim" xmlns:xsi="http://www.w3.org/2001/XMLSchema-instance" xsi:schemaLocation="http://www.loc.gov/MARC21/slim http://www.loc.gov/standards/marcxml/schema/MARC21slim.xsd"><leader>00397cz   2200145n  4500</leader><controlfield tag="001">oca00506330 </controlfield><controlfield tag="003">OCoLC</controlfield><controlfield tag="005">20050728120311.0</controlfield><controlfield tag="008">801007n| acannaab           |a aaa      </controlfield><datafield ind1=" " ind2=" " tag="010"><subfield code="a">n  80125819 </subfield></datafield><datafield ind1=" " ind2=" " tag="040"><subfield code="a">DLC</subfield><subfield code="c">DLC</subfield><subfield code="d">DLC</subfield></datafield><datafield ind1="1" ind2=" " tag="100"><subfield code="a">Accius, Lucius</subfield></datafield><datafield ind1="1" ind2=" " tag="400"><subfield code="a">Attius, Lucius</subfield></datafield><datafield ind1="1" ind2=" " tag="400"><subfield code="a">Accio, Lucio</subfield></datafield><datafield ind1=" " ind2=" " tag="670"><subfield code="a">Earp, C. B. A study of the fragments of three related plays of Accius ... 1939.</subfield></datafield></record>